@article{van2017neural,
  title   = {Neural discrete representation learning},
  author  = {Van Den Oord, Aaron and Vinyals, Oriol and others},
  journal = {Advances in neural information processing systems},
  volume  = {30},
  year    = {2017}
}

@article{arvanitidis2017latent,
  title   = {Latent space oddity: on the curvature of deep generative models},
  author  = {Arvanitidis, Georgios and Hansen, Lars Kai and Hauberg, S{\o}ren},
  journal = {arXiv preprint arXiv:1710.11379},
  year    = {2017}
}

@inproceedings{shao2018riemannian,
  title     = {The riemannian geometry of deep generative models},
  author    = {Shao, Hang and Kumar, Abhishek and Thomas Fletcher, P},
  booktitle = {Proceedings of the IEEE Conference on Computer Vision and Pattern Recognition Workshops},
  pages     = {315--323},
  year      = {2018}
}

@article{tenenbaum2000global,
  title     = {A global geometric framework for nonlinear dimensionality reduction},
  author    = {Tenenbaum, Joshua B and Silva, Vin de and Langford, John C},
  journal   = {science},
  volume    = {290},
  number    = {5500},
  pages     = {2319--2323},
  year      = {2000},
  publisher = {American Association for the Advancement of Science}
}

@article{burgess2018understanding,
  title   = {Understanding disentangling in $$\backslash$beta $-VAE},
  author  = {Burgess, Christopher P and Higgins, Irina and Pal, Arka and Matthey, Loic and Watters, Nick and Desjardins, Guillaume and Lerchner, Alexander},
  journal = {arXiv preprint arXiv:1804.03599},
  year    = {2018}
}

@article{kingma2013auto,
  title   = {Auto-encoding variational bayes},
  author  = {Kingma, Diederik P and Welling, Max},
  journal = {arXiv preprint arXiv:1312.6114},
  year    = {2013}
}